<record xmlns="http://www.loc.gov/MARC21/slim" xmlns:xsi="http://www.w3.org/2001/XMLSchema-instance" xsi:schemaLocation="http://www.loc.gov/MARC21/slim http://www.loc.gov/standards/marcxml/schema/MARC21slim.xsd"><leader>00037nz   2200037n  4500</leader><controlfield tag="001">DNB|118647253</controlfield><controlfield tag="003">DNB</controlfield><controlfield tag="005">20061124235315.0</controlfield><controlfield tag="008">880701|||azznnaa|||||||||||| a|aaa|||| d</controlfield><datafield ind1="7" ind2=" " tag="016"><subfield code="a">118647253</subfield><subfield code="2">GyFmDB</subfield></datafield><datafield ind1=" " ind2=" " tag="035"><subfield code="a">(SWD)4084782-2</subfield></datafield><datafield ind1=" " ind2=" " tag="040"><subfield code="a">DNB</subfield><subfield code="b">ger</subfield><subfield code="d">9999</subfield><subfield code="f">RAK-PND</subfield></datafield><datafield ind1=" " ind2=" " tag="043"><subfield code="a">XS---</subfield><subfield code="2">SWD-ISO3166</subfield></datafield><datafield ind1=" " ind2=" " tag="065"><subfield code="a">12.2p</subfield><subfield code="5">SWD</subfield></datafield><datafield ind1=" " ind2=" " tag="072"><subfield code="a">grc</subfield><subfield code="2">ISO639-2</subfield></datafield><datafield ind1="0" ind2=" " tag="100"><subfield code="a">Agathon,</subfield><subfield code="c">Tragicus</subfield><subfield code="d">ca. 445 v. Chr.- 401 v. Chr.</subfield></datafield><datafield ind1="0" ind2=" " tag="400"><subfield code="a">Agatho,</subfield><subfield code="c">Tragicus</subfield><subfield code="d">ca. 445 v. Chr.- 401 v. Chr.</subfield></datafield><datafield ind1="0" ind2=" " tag="400"><subfield code="a">Agathon,</subfield><subfield code="c">von Athen</subfield><subfield code="d">ca. 445 v. Chr.- 401 v. Chr.</subfield></datafield><datafield ind1="0" ind2=" " tag="400"><subfield code="a">Agathon,</subfield><subfield code="c">Atheniensis</subfield><subfield code="d">ca. 445 v. Chr.- 401 v. Chr.</subfield></datafield><datafield ind1="0" ind2=" " tag="400"><subfield code="a">Agathon,</subfield><subfield code="c">Tragiker</subfield><subfield code="d">ca. 445 v. Chr.- 401 v. Chr.</subfield></datafield><datafield ind1="0" ind2=" " tag="400"><subfield code="a">Agatho,</subfield><subfield code="c">Dramatist</subfield><subfield code="d">ca. 445 v. Chr.- 401 v. Chr.</subfield></datafield><datafield ind1="0" ind2=" " tag="400"><subfield code="a">Agatone,</subfield><subfield code="c">Tragediografo</subfield><subfield code="d">ca. 445 v. Chr.- 401 v. Chr.</subfield></datafield><datafield ind1="0" ind2=" " tag="400"><subfield code="a">Agathon,</subfield><subfield code="c">dÁthènes</subfield><subfield code="d">ca. 445 v. Chr.- 401 v. Chr.</subfield></datafield><datafield ind1=" " ind2=" " tag="667"><subfield code="a">TITAN</subfield></datafield><datafield ind1=" " ind2=" " tag="670"><subfield code="a">PAN; Thes. ling. Graec.; Lex. alte Welt</subfield></datafield><datafield ind1=" " ind2=" " tag="678"><subfield code="a">TGF 763; Athen. Tragödiendichter</subfield></datafield><datafield ind1=" " ind2=" " tag="910"><subfield code="a">fragmenta tragoediarum agathonis</subfield><subfield code="9">1</subfield></datafield><datafield ind1=" " ind2=" " tag="911"><subfield code="a">fragmenta tragoediarum</subfield><subfield code="9">1</subfield></datafield><datafield ind1=" " ind2=" " tag="922"><subfield code="a">gw</subfield><subfield code="9">1</subfield></datafield><datafield ind1=" " ind2=" " tag="940"><subfield code="a">ger</subfield><subfield code="9">1</subfield></datafield><datafield ind1=" " ind2=" " tag="943"><subfield code="a">162x</subfield><subfield code="9">1</subfield></datafield><datafield ind1=" " ind2=" " tag="944"><subfield code="a">am</subfield><subfield code="9">1</subfield></datafield><datafield ind1=" " ind2=" " tag="999"><subfield code="a">BVB|BV004251338</subfield></datafield></record>